% Encoding: UTF-8

@InCollection{Robinson1977,
  author    = {R. W. Robinson},
  title     = {Counting unlabeled acyclic digraphs},
  booktitle = {Lecture Notes in Mathematics},
  publisher = {Springer Berlin Heidelberg},
  year      = {1977},
  pages     = {28--43},
  doi       = {10.1007/bfb0069178},
}

@Article{McKay2003,
  author       = {Brendan D. McKay and Frederique E. Oggier and Gordon F. Royle and N. J. A. Sloane and Ian M. Wanless and Herbert S. Wilf},
  title        = {Acyclic Digraphs and Eigenvalues of (0,1)-Matrices},
  abstract     = {We show that the number of acyclic directed graphs with n labeled vertices is equal to the number of n X n (0,1)-matrices whose eigenvalues are positive real numbers.},
  date         = {2003-10-28},
  eprint       = {http://arxiv.org/abs/math/0310423v1},
  eprintclass  = {math.CO},
  eprinttype   = {arXiv},
  file         = {:http\://arxiv.org/pdf/math/0310423v1:PDF},
  journaltitle = {J. Integer Sequences 7 (2004), #04.3.3},
  keywords     = {math.CO, Primary 05A15, secondary 15A18, 15A36},
}

@Article{Nicandro,
  author       = {Nicandro Cruz Ram√≠rez},
  title        = {Building Bayesian Networks from Data: a Constraint-based Approach},
  date         = {Nov-2001},
  journaltitle = {Department of Psychology. The University of Sheffield.},
}

@Article{MDL,
  author       = {Nicholas D. Levine},
  title        = {Using Minimum Description Length for Discretization Classification of Data Modeled by Bayesian Networks},
  date         = {Spring 1-1-2011},
  journaltitle = {Applied Mathematics Graduate Theses & Dissertations. 21.},
}

@Article{NoTears,
  author       = {Eugene Charniak},
  title        = {Bayesian Networks without Tears},
  date         = {Winter 1991},
  journaltitle = {AI Magazine},
}

@Comment{jabref-meta: databaseType:bibtex;}
